
@article{Cage2002ConstructingMethods, title = {{Constructing household specific consumer price indexes : an analysis of different techniques and methods}}, year = {2002}, journal={BLS Working Papers}, author = {Cage, Robert A. and Garner, Thesia and Ruiz-Castillo, Javier}, url = {https://e-archivo.uc3m.es/handle/10016/4779}, keywords = {Econom{\'{i}}a, Econom{\'{i}}a dom{\'{e}}stica, Estados Unidos, {\'{I}}ndice de precios} } 

@article{AttanasioO.2016ConsumptionInequality, title = {{Consumption Inequality}}, year = {2016}, journal = {Journal of Economic Perspectives}, author = {Attanasio O., Pistaferri L.}, number = {2}, pages = {1--27}, volume = {30} } 

@article{Coibion2017InnocentInequality, title = {{Innocent Bystanders? Monetary policy and inequality}}, year = {2017}, journal = {Journal of Monetary Economics}, author = {Coibion, Olivier and Gorodnichenko, Yuriy and Kueng, Lorenz and Silvia, John}, month = {6}, pages = {70--89}, volume = {88}, publisher = {North-Holland}, url = {https://www.sciencedirect.com/science/article/pii/S0304393217300466}, doi = {10.1016/J.JMONECO.2017.05.005}, issn = {0304-3932} }

@article{Cravino2018PricePolicy, title = {{Price stickiness along the income distribution and the effects of monetary policy}}, year = {2018}, journal = {Journal of Monetary Economics}, author = {Cravino, Javier and Lan, Ting and Levchenko, Andrei A.}, month = {12}, url = {https://linkinghub.elsevier.com/retrieve/pii/S0304393218305956}, doi = {10.1016/j.jmoneco.2018.12.001}, issn = {03043932} }

@techreport{Crawford2002DistributionalInflation, title = {{Distributional aspects of inflation}}, institution ={The Institute for Fiscal Studies}, year = {2002}, author = {Crawford, Ian and Smith, ZoÃ«}, url = {www.ifs.org.uk}, isbn = {1903274265} } 

@article{Hobijn2005INFLATIONSTATES, title = {{Inflation inequality in the United States}}, year = {2005}, journal = {Review of Income and Wealth}, author = {Hobijn, Bart and Lagakos, David}, number = {4}, month = {12}, pages = {581--606}, volume = {51}, publisher = {John Wiley {\&} Sons, Ltd}, url = {http://doi.wiley.com/10.1111/j.1475-4991.2005.00170.x}, doi = {10.1111/j.1475-4991.2005.00170.x}, issn = {0034-6586} }

@article{Kaplan2017InflationLevel, title = {{Inflation at the household level}}, year = {2017}, journal = {Journal of Monetary Economics}, author = {Kaplan, Greg and Schulhofer-Wohl, Sam}, month = {11}, pages = {19--38}, volume = {91}, publisher = {North-Holland}, url = {https://www.sciencedirect.com/science/article/pii/S0304393217300879}, doi = {10.1016/J.JMONECO.2017.08.002}, issn = {0304-3932} }

@article{Meyer2013ConsumptionRecession, title = {{Consumption and Income Inequality and the Great Recession}}, year = {2013}, journal = {American Economic Review}, author = {Meyer, Bruce D and Sullivan, James X}, number = {3}, month = {5}, pages = {178--183}, volume = {103}, url = {http://pubs.aeaweb.org/doi/10.1257/aer.103.3.178}, doi = {10.1257/aer.103.3.178}, issn = {0002-8282} } 

@article{Romer2004AImplications, title = {{A New Measure of Monetary Shocks: Derivation and Implications}}, year = {2004}, journal = {American Economic Review}, author = {Romer, Christina D and Romer, David H}, number = {4}, month = {8}, pages = {1055--1084}, volume = {94}, url = {http://pubs.aeaweb.org/doi/10.1257/0002828042002651}, doi = {10.1257/0002828042002651} }